% ArXiv Paper Example
@article{shekaarijafari2021theorysimulationising,
  title={Theory and simulation of the Ising model},
  author={Ashkan Shekaari, Mahmoud Jafari},
  journal={arXiv preprint arXiv:2105.00841},
  year={2021}
}

% Web Link Example
@misc{farside329Lectures,
  author = {Richard Fitzpatrick},
  title = {{Thermodynamic limit} --- farside.ph.utexas.edu},
  howpublished = {\url{https://farside.ph.utexas.edu/teaching/329/lectures/node110.html}},
  year = {2016},
  note = {[Accessed 29-Mar-2023]},
}

% Book example
@book{dedomeniconotes,
  title={Physics of Complex Networks: Structure and Dynamics},
  author={Manlio De Domenico},
  year={last update: March 2024},
  publisher={University of Padova}
}

